@inproceedings{openpiton,
  title={Openpiton: An open source manycore research framework},
  author={Balkind, Jonathan and McKeown, Michael and Fu, Yaosheng and Nguyen, Tri and Zhou, Yanqi and Lavrov, Alexey and Shahrad, Mohammad and Fuchs, Adi and Payne, Samuel and Liang, Xiaohua and others},
  booktitle={ACM SIGARCH Computer Architecture News},
  volume={44},
  number={2},
  pages={217--232},
  year={2016},
  organization={ACM}
}
@inproceedings{satish2009designing,
  title={Designing efficient sorting algorithms for manycore GPUs},
  author={Satish, Nadathur and Harris, Mark and Garland, Michael},
  booktitle={2009 IEEE International Symposium on Parallel \& Distributed Processing},
  pages={1--10},
  year={2009},
  organization={IEEE}
}
@inproceedings{binet2010harnessing,
  title={Harnessing multicores: Strategies and implementations in ATLAS},
  author={Binet, S{\'e}bastien and Calafiura, Paolo and Snyder, Scott and Wiedenmann, Werner and Winklmeier, Frank},
  booktitle={Journal of Physics: Conference Series},
  volume={219},
  number={4},
  pages={042002},
  year={2010},
  organization={IOP Publishing}
}