%% LaTeX2e file `vmicro16.bib'
%% generated by the `filecontents' environment
%% from source `all_weeks' on 2019/02/25.
%%

